<record><leader>00000cas a22000007a 4500</leader><controlfield tag="001">17460415</controlfield><controlfield tag="008">880211d18441845ohuwr ne      0    0eng d</controlfield><datafield ind1=" " ind2=" " tag="010"><subfield code="a">sn 88078261 </subfield></datafield><datafield ind1=" " ind2=" " tag="040"><subfield code="a">ONP</subfield><subfield code="b">eng</subfield><subfield code="c">ONP</subfield><subfield code="d">OCLCQ</subfield></datafield><datafield ind1=" " ind2=" " tag="042"><subfield code="a">msc</subfield></datafield><datafield ind1="0" ind2=" " tag="130"><subfield code="a">Harrison Republican (Cadiz, Ohio : 1844)</subfield></datafield><datafield ind1="1" ind2="0" tag="245"><subfield code="a">Harrison Republican.</subfield></datafield><datafield ind1=" " ind2=" " tag="260"><subfield code="a">Cadiz, Ohio :</subfield><subfield code="b">Wm. R. Allison,</subfield><subfield code="c">-1845.</subfield></datafield><datafield ind1=" " ind2=" " tag="310"><subfield code="a">Weekly</subfield></datafield><datafield ind1="1" ind2=" " tag="362"><subfield code="a">Began in Jan. 1844?</subfield></datafield><datafield ind1="0" ind2=" " tag="362"><subfield code="a">-v. 6, no. 30 (Feb. 6, 1845).</subfield></datafield><datafield ind1=" " ind2=" " tag="588"><subfield code="a">Description based on: Vol. 5, no. 25 (Jan. 18, 1844).</subfield></datafield><datafield ind1=" " ind2=" " tag="752"><subfield code="a">United States</subfield><subfield code="b">Ohio</subfield><subfield code="c">Harrison</subfield><subfield code="d">Cadiz.</subfield></datafield><datafield ind1="0" ind2="0" tag="780"><subfield code="t">Cadiz Republican (Cadiz, Ohio : 1842)</subfield><subfield code="w">(DLC)sn 88078260</subfield></datafield><datafield ind1="0" ind2="0" tag="785"><subfield code="t">Cadiz Republican (Cadiz, Ohio : 1845)</subfield><subfield code="w">(DLC)sn 84028787</subfield></datafield></record>